%intro

@article{PBMPhysRep,
title = "Properties of hot and dense matter from relativistic heavy ion collisions",
author = {{Braun-Munzinger, P and Koch, Volker and Schafer, Thomas  and Stachel, J.}},
journal = "Physics Reports",
volume = "621",
year = "2016",
pages = "76 --126",
//url = "https://doi.org/10.1016/j.physrep.2015.12.003"
}
% phase_e1
@article{phase_e1,
   title={Experimental and theoretical challenges in the search for the quark-gluon plasma: The STAR Collaborationâs critical assessment of the evidence from RHIC collisions},
   volume={757},
   //url={http://dx.doi.org/10.1016/j.nuclphysa.2005.03.085},
  //DOI={10.1016/j.nuclphysa.2005.03.085},
   number={1-2},
   journal={Nuclear Physics A},
   publisher={Elsevier BV},
   author={{ Adams \textit{et al}., J.}},
   year={2005},
   month={Aug},
   pages={102-183}
}
% phase_e2
@article{phase_e2,
   title={The PHOBOS perspective on discoveries at RHIC},
   volume={757},
  //url={http://dx.doi.org/10.1016/j.nuclphysa.2005.03.084},
  //DOI={10.1016/j.nuclphysa.2005.03.084},
   number={1-2},
   journal={Nuclear Physics A},
   publisher={Elsevier BV},
   author={{Back \textit{et al}., B. B.}},
   year={2005},
   month={Aug},
   pages={28-101}
}

% phase_e3
@article{phase_e3,
   title={Formation of dense partonic matter in relativistic nucleus + nucleus collisions at RHIC: Experimental evaluation by the PHENIX Collaboration},
   volume={757},
 //url={http://dx.doi.org/10.1016/j.nuclphysa.2005.03.086},
  //DOI={10.1016/j.nuclphysa.2005.03.086},
   number={1-2},
   journal={Nuclear Physics A},
   publisher={Elsevier BV},
   author={Adcox \textit{et al}., K.},
   year={2005},
   month={Aug},
   pages={184-283}
}

% phase_e4
@article{phase_e4,
   title={Quark-gluon plasma and color glass condensate at RHIC? The perspective from the BRAHMS experiment},
   volume={757},
  //url={http://dx.doi.org/10.1016/j.nuclphysa.2005.02.130},
  //DOI={10.1016/j.nuclphysa.2005.02.130},
   number={1-2},
   journal={Nuclear Physics A},
   publisher={Elsevier BV},
   author={ Arsene \textit{et al}., I.},
   year={2005},
   month={Aug},
   pages={1-27}
}
%tc_1
@article{tc_1,
   title={The QCD transition temperature: results with physical masses in the continuum limit II},
   volume={2009},
   //url={http://dx.doi.org/10.1088/1126-6708/2009/06/088},
   //DOI={10.1088/1126-6708/2009/06/088},
   number={06},
   journal={Journal of High Energy Physics},
   publisher={Springer Nature},
   author={Aoki, Yasumichi and Borsnyi, Szabolcs and Drr, Stephan and Fodor, Zoltan and Katz, Sandor D and Krieg, Stefan and Szabo, Kalman},
   year={2009},
   month={Jun},
   pages={088-088}
}
%tc_2
@article{tc_2,
   title={Chiral and deconfinement aspects of the QCD transition},
   volume={85},
   //url={http://dx.doi.org/10.1103/PhysRevD.85.054503},
   //DOI={10.1103/physrevd.85.054503},
   number={5},
   journal={Physical Review D},
   publisher={American Physical Society (APS)},
   author={Bazavov, A. and Bhattacharya, T. and Cheng, M. and DeTar, C. and Ding, H.-T. and Gottlieb, Steven and Gupta, R. and Hegde, P. and Heller, U. M. and Karsch, F. and \textit{et al}.},
   year={2012},
   month={Mar}
}
@article{bes_2,
    author = "Aggarwal, M.M. and \textit{et al}.",
    collaboration = "STAR",
    title = "{An Experimental Exploration of the QCD Phase Diagram: The Search for the Critical Point and the Onset of De-confinement}",
    eprint = "1007.2613",
    archivePrefix = "arXiv",
    primaryClass = "nucl-ex",
    month = "7",
    year = "2010"
}
@article{bes_1,
title = {{STAR detector overview}},
journal = {{Nuclear Instruments and Methods in Physics Research Section A: Accelerators, Spectrometers, Detectors and Associated Equipment}},
volume = "499",
number = "2",
pages = "624 - 632",
year = "2003",
//note = "The Relativistic Heavy Ion Collider Project: RHIC and its Detectors",
//issn = "0168-9002",
//doi = "https://doi.org/10.1016/S0168-9002(02)01960-5",
author = {{Ackermann, K. H. \textit{et al.} }}
}
@article{bes_3,
  title = {Bulk properties of the medium produced in relativistic heavy-ion collisions from the beam energy scan program},
  author = {{Adamczyk, L.  \textit{et al.} }},
  collaboration = {STAR Collaboration},
  journal = {Phys. Rev. C},
  volume = {96},
  issue = {4},
  pages = {044904},
  numpages = {33},
  year = {2017},
  month = {Oct},
  publisher = {American Physical Society},
  //doi = {10.1103/PhysRevC.96.044904},
  //url = {https://link.aps.org/doi/10.1103/PhysRevC.96.044904}
}


@article{LuoNST,
title = "Search for the QCD critical point with fluctuations of conserved quantities in relativistic heavy-ion collisions at RHIC: an overview",
author = "Luo, Xiao Feng and Xu, Nu",
year = "2017",
volume ="28",
journal =" Nuclear Science and Techniques",
pages ="112",
//url ="https://doi.org/10.1007/s41365-017-0257-0"
}
@misc{koch_re,
    title={Hadronic Fluctuations and Correlations},
    author={Volker Koch},
    year={2008},
    eprint={0810.2520},
    archivePrefix={arXiv},
    primaryClass={nucl-th}
}
@misc{jeon2003eventbyevent,
    title={Event-by-Event Fluctuations},
    author={Sangyong Jeon and Volker Koch},
    year={2003},
    eprint={hep-ph/0304012},
    archivePrefix={arXiv},
    primaryClass={hep-ph}
}

@article{Adare_2016,
   title={Measurement of higher cumulants of net-charge multiplicity distributions in Au+Au collisions at \sqrt{s_{NN}}=7.7–200GeV},
   volume={93},
   //issn={2469-9993},
   //url={http://dx.doi.org/10.1103/PhysRevC.93.011901},
   //DOI={10.1103/physrevc.93.011901},
   number={1},
   journal={Physical Review C},
   publisher={American Physical Society (APS)},
   author={{Adare, A. \textit{et al.}}},
   year={2016},
   month={Jan}
}

@article{Haussler_2007,
   title={Baryon-Strangeness Correlations from Hadron/String- and Quark-Dynamics},
   //issn={0094-243X},
   //url={http://dx.doi.org/10.1063/1.2714421},
   //DOI={10.1063/1.2714421},
   journal={AIP Conference Proceedings},
   publisher={AIP},
   author={Haussler, Stephane and Scherer, Stefan and Bleicher, Marcus},
   year={2007}
}
@article{Koch_origin,
  title = {Baryon-Strangeness Correlations: A Diagnostic of Strongly Interacting Matter},
  author = {Koch, V. and Majumder, A. and Randrup, J.},
  journal = {Phys. Rev. Lett.},
  volume = {95},
  issue = {18},
  pages = {182301},
  numpages = {4},
  year = {2005},
  month = {Oct},
  publisher = {American Physical Society},
  //doi = {10.1103/PhysRevLett.95.182301},
  //url = {https://link.aps.org/doi/10.1103/PhysRevLett.95.182301}
}

@article{Luo_UrQMD,
  title = {Baryon-strangeness correlations in Au+Au collisions at $\sqrt{{s}_{\mathit{NN}}}=7.7--200$ GeV from the UrQMD model},
  author = {Yang, Zhen zhen and Luo, Xiao feng and Mohanty, Bedangadas},
  journal = {Phys. Rev. C},
  volume = {95},
  issue = {1},
  pages = {014914},
  numpages = {10},
  year = {2017},
  month = {Jan},
  publisher = {American Physical Society},
  //doi = {10.1103/PhysRevC.95.014914},
  //url = {https://link.aps.org/doi/10.1103/PhysRevC.95.014914}
}
@article{Luo_2012,
	//doi = {10.1088/0954-3899/39/2/025008},
	year = 2012,
	month = {jan},
	publisher = {{IOP} Publishing},
	volume = {39},
	number = {2},
	pages = {025008},
	author = {Xiao, Feng Luo},
	title = {Error estimation for moment analysis in heavy-ion collision experiment},
	journal = {Journal of Physics G: Nuclear and Particle Physics}
}
@article{Lin_2017xkd,
    author = {Lin, Yu Fu and Chen, Li Zhu and Li, Zhi Ming},
    title = "{Correlation functions of net-proton multiplicity distributions in Au + Au collisions at energies available at the BNL Relativistic Heavy Ion Collider from a multiphase transport model}",
    eprint = "1707.04375",
    archivePrefix = "arXiv",
    primaryClass = "hep-ph",
    //doi = "10.1103/PhysRevC.96.044906",
    journal = "Phys. Rev. C",
    volume = "96",
    number = "4",
    pages = "044906",
    year = "2017"
}
@article{Jin_2008,
	//doi = {10.1088/0954-3899/35/4/044070},
	year = 2008,
	month = {mar},
	publisher = {{IOP} Publishing},
	volume = {35},
	number = {4},
	pages = {044070},
	author = {F Jin and Y G Ma and G L Ma and J H Chen and S Zhang and X Z Cai and H Z Huang and J Tian and C Zhong and J X Zuo},
	title = {Baryon-strangeness correlations in parton/hadron transport model for Au$\mathplus$Au collisions at {\textbackslash}sqrt$\lbrace$s{\_}$\lbrace${\textbackslash}rm {NN}$\rbrace$$\rbrace$ = 200 {GeV}},
	journal = {Journal of Physics G: Nuclear and Particle Physics}
}

@article{a_cluster_origin,
  title = {Signatures of $\ensuremath{\alpha}$ Clustering in Light Nuclei from Relativistic Nuclear Collisions},
  author = {Broniowski, Wojciech and Ruiz Arriola, Enrique},
  journal = {Phys. Rev. Lett.},
  volume = {112},
  issue = {11},
  pages = {112501},
  numpages = {5},
  year = {2014},
  month = {Mar},
  publisher = {American Physical Society},
  //doi = {10.1103/PhysRevLett.112.112501},
  //url = {https://link.aps.org/doi/10.1103/PhysRevLett.112.112501}
}
%
@article{exp_1,
  author = "Chatterjee, Arghya",
  title = "{Off-diagonal cumulants of net-charge, net-proton and net-kaon multiplicity distributions in Au+Au collisions at √sNN=7.7-200 GeV from STAR}",
  //doi = "10.22323/1.347.0164",
  journal = "PoS",
  year = 2019,
  volume = "CORFU2018",
  pages = "164"
}
@article{exp_2,
   title={Beam Energy Dependence of Moments of the Net-Charge Multiplicity Distributions in Au+Au Collisions at RHIC},
   volume={113},
   //issn={1079-7114},
   //url={http://dx.doi.org/10.1103/PhysRevLett.113.092301},
   //DOI={10.1103/physrevlett.113.092301},
   number={9},
   journal={Physical Review Letters},
   publisher={American Physical Society (APS)},
   author={Adamczyk, L. and Adkins, J. K. and Agakishiev, G. and Aggarwal, M. M. and Ahammed, Z. and Alekseev, I. and Alford, J. and Anson, C. D. and Aparin, A. and Arkhipkin, D. and \textit{et al}.},
   year={2014},
   month={Aug}
}
@article{exp_3,
author = {Friman, B and Karsch, F and Redlich, K and Skokov, V},
//doi = {10.1140/epjc/s10052-011-1694-2},
//issn = {1434-6052},
journal = {The European Physical Journal C},
number = {7},
pages = {1694},
title = {{Fluctuations as probe of the QCD phase transition and freeze-out in heavy ion collisions at LHC and RHIC}},
//url = {https://doi.org/10.1140/epjc/s10052-011-1694-2},
volume = {71},
year = {2011}
}
@article{exp_4,
title = "Net-baryon fluctuations measured with ALICE at the CERN LHC",
journal = "Nuclear Physics A",
volume = "967",
pages = "453 - 456",
year = "2017",
note = "The 26th International Conference on Ultra-relativistic Nucleus-Nucleus Collisions: Quark Matter 2017",
//issn = "0375-9474",
//doi = "https://doi.org/10.1016/j.nuclphysa.2017.05.111",
//url = "http://www.sciencedirect.com/science/article/pii/S0375947417302440",
author = "Anar Rustamov",
keywords = "Quark-gluon plasma, Fluctuations, Conservation laws"

}

@article{u_model1,
   title={Fluctuations and correlations of conserved charges in the (2+1) Polyakov quark meson model},
   volume={86},
   //issn={1550-2368},
   //url={http://dx.doi.org/10.1103/PhysRevD.86.114021},
   //DOI={10.1103/physrevd.86.114021},
   number={11},
   journal={Physical Review D},
   publisher={American Physical Society (APS)},
   author={Chatterjee, Sandeep and Mohan, Kirtimaan A.},
   year={2012},
   month={Dec}
}
@article{u_model2,
   title={Fluctuations and correlations of net baryon number, electric charge, and strangeness: A comparison of lattice QCD results with the hadron resonance gas model},
   volume={86},
   //issn={1550-2368},
   //url={http://dx.doi.org/10.1103/PhysRevD.86.034509},
   //DOI={10.1103/physrevd.86.034509},
   number={3},
   journal={Physical Review D},
   publisher={American Physical Society (APS)},
   author={Bazavov, A. and Bhattacharya, Tanmoy and DeTar, C. E. and Ding, H.-T. and Gottlieb, Steven and Gupta, Rajan and Hegde, P. and Heller, Urs M. and Karsch, F. and Laermann, E. and \textit{et al}.},
   year={2012},
   month={Aug}
}
@article{u_model3,
   title={Fluctuations and correlations of conserved charges in an excluded-volume hadron resonance gas model},
   volume={90},
   //issn={1089-490X},
   //url={http://dx.doi.org/10.1103/PhysRevC.90.034909},
   //DOI={10.1103/physrevc.90.034909},
   number={3},
   journal={Physical Review C},
   publisher={American Physical Society (APS)},
   author={Bhattacharyya, Abhijit and Das, Supriya and Ghosh, Sanjay K. and Ray, Rajarshi and Samanta, Subhasis},
   year={2014},
   month={Sep}
}
@article{u_model4,
   title={Diagonal and off-diagonal susceptibilities of conserved quantities in relativistic heavy-ion collisions},
   volume={43},
   //issn={1361-6471},
   //url={http://dx.doi.org/10.1088/0954-3899/43/12/125103},
   //DOI={10.1088/0954-3899/43/12/125103},
   number={12},
   journal={Journal of Physics G: Nuclear and Particle Physics},
   publisher={IOP Publishing},
   author={Chatterjee, Arghya and Chatterjee, Sandeep and Nayak, Tapan K and Sahoo, Nihar Ranjan},
   year={2016},
   month={Oct},
   pages={125103}
}
@article{lattice_1,
   title={Fluctuations, strangeness, and quasiquarks in heavy-ion collisions from lattice QCD},
   volume={73},
   //issn={1550-2368},
   //url={http://dx.doi.org/10.1103/PhysRevD.73.014004},
   //DOI={10.1103/physrevd.73.014004},
   number={1},
   journal={Physical Review D},
   publisher={American Physical Society (APS)},
   author={Gavai, R. V. and Gupta, Sourendu},
   year={2006},
   month={Jan}
}
@article{lattice_2,
  title = {Additional Strange Hadrons from QCD Thermodynamics and Strangeness Freezeout in Heavy Ion Collisions},
  author = {Bazavov, A. and Ding, H. T. and Hegde, P. and Kaczmarek, O. and Karsch, F. and Laermann, E. and Maezawa, Y. and Mukherjee, Swagato and Ohno, H. and Petreczky, P. and Schmidt, C. and Sharma, S. and Soeldner, W. and Wagner, M.},
  journal = {Phys. Rev. Lett.},
  volume = {113},
  issue = {7},
  pages = {072001},
  numpages = {5},
  year = {2014},
  month = {Aug},
  publisher = {American Physical Society},
  //doi = {10.1103/PhysRevLett.113.072001},
  //url = {https://link.aps.org/doi/10.1103/PhysRevLett.113.072001}
}

@article{theory_1,
  title = {Strangeness neutrality and baryon-strangeness correlations},
  author = {Fu, Wei jie and Pawlowski, Jan M. and Rennecke, Fabian},
  journal = {Phys. Rev. D},
  volume = {100},
  issue = {11},
  pages = {111501},
  numpages = {6},
  year = {2019},
  month = {Dec},
  publisher = {American Physical Society},
  //doi = {10.1103/PhysRevD.100.111501},
  //url = {https://link.aps.org/doi/10.1103/PhysRevD.100.111501}
}
@article{small_sys_LHC,
   title={Experimental overview on small collision systems at the LHC},
   volume={956},
   //issn={0375-9474},
   //url={http://dx.doi.org/10.1016/j.nuclphysa.2016.04.022},
   //DOI={10.1016/j.nuclphysa.2016.04.022},
   journal={Nuclear Physics A},
   publisher={Elsevier BV},
   author={Loizides, Constantin},
   year={2016},
   month={Dec},
   pages={200-207}
}
@article{small_sys_1,
   title={Exploring the beam-energy dependence of flow-like signatures in small-system d+Au collisions},
   volume={93},
   //issn={2469-9993},
   //url={http://dx.doi.org/10.1103/PhysRevC.93.044910},
   //DOI={10.1103/physrevc.93.044910},
   number={4},
   journal={Physical Review C},
   publisher={American Physical Society (APS)},
   author={Koop, J. D. Orjuela and Belmont, R. and Yin, P. and Nagle, J. L.},
   year={2016},
   month={Apr}
}

%AMPT_origin
@article{AMPT_origin,
  title = {Multiphase transport model for relativistic heavy ion collisions},
  author = {Lin, Zi Wei and Ko, Che Ming and Li, Bao An and Zhang, Bin and Pal, Subrata},
  journal = {Phys. Rev. C},
  volume = {72},
  issue = {6},
  pages = {064901},
  numpages = {29},
  year = {2005},
  month = {Dec},
  publisher = {American Physical Society},
  //doi = {10.1103/PhysRevC.72.064901},
  //url = {https://link.aps.org/doi/10.1103/PhysRevC.72.064901}
}
@article{HIJING-1,
  title = {hijing: A Monte Carlo model for multiple jet production in $\mathrm{pp}$, $\mathrm{pA}$, and $\mathrm{AA}$ collisions},
  author = {Wang, Xin Nian and Gyulassy, Miklos},
  journal = {Phys. Rev. D},
  volume = {44},
  issue = {11},
  pages = {3501--3516},
  year = {1991},
  //url={https://doi.org/10.1103/PhysRevD.44.3501}
}

@article{HIJING-2,
title = "HIJING 1.0: A Monte Carlo program for parton and particle production in high energy hadronic and nuclear collisions",
journal = "Computer Physics Communications",
volume = "83",
number = "2",
pages = "307 - 331",
year = "1994",
author = "Miklos Gyulassy and Xin Nian Wang",
//url="https://doi.org/10.1016/0010-4655(94)90057-4"
}

@article{ZPCModel,
title = "ZPC 1.0.1: a parton cascade for ultrarelativistic heavy ion collisions",
journal = "Computer Physics Communications",
volume = "109",
number = "2",
pages = "193 - 206",
year = "1998",
note = "",
author = "Bin Zhang",
//url="https://doi.org/10.1016/S0010-4655(98)00010-1"
}

@article{ARTModel,
  title = {Formation of superdense hadronic matter in high energy heavy-ion collisions},
  author = {Li, Bao An and Ko, Che Ming},
  journal = {Phys. Rev. C},
  volume = {52},
  issue = {4},
  pages = {2037--2063},
  numpages = {0},
  year = {1995},
  month = {Oct},
  //url={https://doi.org/10.1103/PhysRevC.52.2037},
  publisher = {American Physical Society},
}
@article{Ye_2017,
   title={$\Omega$ and $\Phi$ in Au + Au collisions $\sqrt{s_{NN}}$= 200 at and 11.5 GeV from a multiphase transport model},
   volume={41},
   //url={http://dx.doi.org/10.1088/1674-1137/41/8/084101},
   //DOI={10.1088/1674-1137/41/8/084101},
   number={8},
   journal={Chinese Physics C},
   publisher={IOP Publishing},
   author={Ye, Y. J. and Chen, J. H. and Ma, Y. G. and Zhang, S. and Zhong, C.},
   year={2017},
   month={Aug},
   pages={084101}
}
@article{JinXH,
title={Omega and phi production in Au plus Au collisions at 11.5 and 7.7 GeV in a dynamical quark coalescence model},
author={Jin, X. H. and Chen, J. H. and Ma, Y. G.  and Zhang, S. and  Zhang, C. J. and Zhong, C.},
journal={Nuclear Science and Techniques},
volume= { 29 },
pages = {54},
//url ={https://doi.org/10.1007/s41365-018-0393-1},
year={2018}
}
%xujun
@article{xujun,
  title = {Pb-Pb collisions at $\sqrt{{s}_{\mathit{NN}}}=2.76$ TeV in a multiphase transport model},
  author = {Xu, Jun and Ko, Che Ming},
  journal = {Phys. Rev. C},
  volume = {83},
  issue = {3},
  pages = {034904},
  year = {2011},
  month = {Mar},
  publisher = {American Physical Society},
  //doi = {10.1103/PhysRevC.83.034904},
  //url = {https://link.aps.org/doi/10.1103/PhysRevC.83.034904}
}
%Subrata Suppression of high pT hadrons in Pb+Pb collisions at LHC
@article{suppressionhighpt,
title = "Suppression of high pT hadrons in Pb+Pb collisions at LHC",
journal = "Physics Letters B",
volume = "709",
number = "1",
pages = "82 - 86",
year = "2012",
//issn = "0370-2693",
//doi = "https://doi.org/10.1016/j.physletb.2012.01.070",
//url = "http://www.sciencedirect.com/science/article/pii/S0370269312001116",
author = "Subrata Pal and Marcus Bleicher"
}
@article{wdf,
  title = {Nuclear system size scan for freeze-out properties in relativistic heavy-ion collisions by using a multiphase transport model},
  author = {Wang, Dong Fang and Zhang, Song and Ma, Yu Gang},
  journal = {Phys. Rev. C},
  volume = {101},
  issue = {3},
  pages = {034906},
  numpages = {9},
  year = {2020},
  month = {Mar},
  publisher = {American Physical Society},
  //doi = {10.1103/PhysRevC.101.034906},
  //url = {https://link.aps.org/doi/10.1103/PhysRevC.101.034906}
}




@article{smallSystemALICE2017,
  title   = "Enhanced production of multi-strange hadrons in high-multiplicity proton–proton collisions",
  journal = "Nature Physics",
  volume  = "13",
  //number  = "",
  pages   = "535-539",
  year    = "2017",
  //doi     = "doi:10.1038/nphys4111",
  author  = {Adam  \textit{et al.} (ALICE Collaboration), J.}
}

@article{SHuang2020sysScan,
  title = {Disentangling contributions to small-system collectivity via scans of light nucleus-nucleus collisions},
  author = {Huang, Sheng Li and Chen, Zhen Yu and Li, Wei and Jia, Jiang Yong},
  journal = {Phys. Rev. C},
  volume = {101},
  issue = {2},
  pages = {021901},
  numpages = {6},
  year = {2020},
  month = {Feb},
  publisher = {American Physical Society},
  //doi = {10.1103/PhysRevC.101.021901},
  //url = {https://link.aps.org/doi/10.1103/PhysRevC.101.021901}
}


@article{PRC2029sysScanLHC,
  title = {CERN Large Hadron Collider system size scan predictions for PbPb, XeXe, ArAr, and OO with relativistic hydrodynamics},
  author = {Sievert, M. and Noronha-Hostler, J.},
  journal = {Phys. Rev. C},
  volume = {100},
  issue = {2},
  pages = {024904},
  numpages = {20},
  year = {2019},
  month = {Aug},
  publisher = {American Physical Society},
  //doi = {10.1103/PhysRevC.100.024904},
  //url = {https://link.aps.org/doi/10.1103/PhysRevC.100.024904}
}

@article{ZHANG2020135366,
	title = "Collision system size scan of collective flows in relativistic heavy-ion collisions",
	journal = "Physics Letters B",
	volume = "804",
	pages = "135366",
	year = "2020",
	//issn = "0370-2693",
	//doi = "https://doi.org/10.1016/j.physletb.2020.135366",
	//url = "http://www.sciencedirect.com/science/article/pii/S0370269320301702",
author = {S. Zhang and Y.G. Ma and G.L. Ma and J.H. Chen and Q.Y. Shou and W.B. He and C. Zhong},
	abstract = "Initial geometrical distribution and fluctuation can affect the collective expansion in relativistic heavy-ion collisions. This
effect may be more evident in small system (such as B + B) than in large one (Pb + Pb). This work presents the collision system dependence of
collective flows and discusses about effects on collective flows from initial fluctuations in a framework of a multiphase transport model. The
results shed light on system scan on experimental efforts to small system physics."
}



